%%%%%%%%%%%%%%%%%%%%%%%%%%%%%%%%%%%%%%%%%%%%%%%%%%%%%%%%%%%%%%%%%%%%%%%%%%%%%%%%
%%%%%%%%%%%%%%%%%%%% INSERINDO COMENTÁRIOS EM ARQUIVOS .bib %%%%%%%%%%%%%%%%%%%%
%%%%%%%%%%%%%%%%%%%%%%%%%%%%%%%%%%%%%%%%%%%%%%%%%%%%%%%%%%%%%%%%%%%%%%%%%%%%%%%%
%
% 1. Como em outros arquivos LaTeX, comentários são iniciados por "%" e,
%    portanto, é preciso usar "\%" para imprimir o caractere "%". Esquecer
%    disso pode gerar erros difíceis de encontrar!
%
% 2. Não é possível inserir comentários dentro de uma entrada, apenas fora.
%
% 3. Não é possível incluir o caractere arroba em um comentário.
%
% 4. Se quiser desabilitar temporariamente um campo ("comentar" o campo),
%    troque seu nome para algum nome inválido, como "author-disable".
%    Se quiser fazer alguma observação permanente dentro de uma entrada,
%    você também pode usar algum nome de campo inválido, como "lembrete",
%    ou usar o campo "annotation", que normalmente é ignorado.
%
% 5. Se quiser desabilitar temporariamente uma entrada inteira ("comentar" a
%    entrada), não basta colocar "%" nas linhas correspondentes por causa do
%    caractere arroba; também é preciso remover a arroba.
%
% 6. Na verdade, as regras não são bem essas, mas segui-las é uma boa ideia:
%    https://tex.stackexchange.com/a/262282
%
% Por exemplo, esta entrada está comentada, ou seja, não tem efeito: se
% houvesse uma referência a ela no texto, a referência ficaria inválida.
% Observe que, para isso, o caractere arroba foi apagado!
%
%Book{JW82,
% author    = {Richard A. Johnson and Dean W. Wichern},
% title     = {Applied Multivariate Statistical Analysis},
% publisher = {Prentice-Hall},
% year      = {1983}
%}


%%%%%%%%%%%%%%%%%%%%%%%%%%%%%%%%%%%%%%%%%%%%%%%%%%%%%%%%%%%%%%%%%%%%%%%%%%%%%%%%
%%%%%%%%%%%%%%%%%%%%%%%%%%%%%%% O CAMPO "MONTH" %%%%%%%%%%%%%%%%%%%%%%%%%%%%%%%%
%%%%%%%%%%%%%%%%%%%%%%%%%%%%%%%%%%%%%%%%%%%%%%%%%%%%%%%%%%%%%%%%%%%%%%%%%%%%%%%%
%
% biblatex prefere o uso do campo "date" para definir ano, mês etc. No
% entanto, se você quiser garantir compatibilidade tanto com biblatex
% quanto com bibtex, use os campos "year" e "month". Ambos reconhecem
% diversos formatos para o campo "month", mas apenas um funciona
% corretamente com os dois: o nome do mês em inglês, abreviado com três
% letras minúsculas e sem chaves, ou seja:
%
% ...
% author = {Somebody},
% year = {2011},
% month = oct,
% title = {Some title},
% ...


%%%%%%%%%%%%%%%%%%%%%%%%%%%%%%%%%%%%%%%%%%%%%%%%%%%%%%%%%%%%%%%%%%%%%%%%%%%%%%%%

% Esta entrada não está em uso em tese.tex, apenas em
% apresentacao.tex, mas isso não é um problema: você pode
% ter um banco de dados com todos os papers que são de seu
% interesse e, em um dado texto, citar apenas alguns deles.

@Book{leveque:1990,
author = {LeVeque, Randall J.},
year = {1990},
title = {Numerical Methods for Conservation Laws},
publisher = {Birkhäuser Basel},
doi= {10.1007/978-3-0348-5116-9}
}

@book{leveque:2002, place={Cambridge}, series={Cambridge Texts in Applied Mathematics}, title={Finite Volume Methods for Hyperbolic Problems}, DOI={10.1017/CBO9780511791253}, publisher={Cambridge University Press}, author={LeVeque, Randall J.}, year={2002}, collection={Cambridge Texts in Applied Mathematics}}

@Inbook{nair:2011,
author="Nair, Ramachandran D.
and Levy, Michael N.
and Lauritzen, Peter H.",
%editor="Lauritzen, Peter
%and Jablonowski, Christiane
%and Taylor, Mark
%and Nair, Ramachandran",
title="Emerging Numerical Methods for Atmospheric Modeling",
bookTitle="Numerical Techniques for Global Atmospheric Models",
year="2011",
publisher="Springer Berlin Heidelberg",
address="Berlin, Heidelberg",
pages="251--311",
doi="10.1007/978-3-642-11640-7_9",
}

@article{colella:1984,
title = {The Piecewise Parabolic Method (PPM) for gas-dynamical simulations},
journal = {Journal of Computational Physics},
volume = {54},
number = {1},
pages = {174-201},
year = {1984},
doi = {https://doi.org/10.1016/0021-9991(84)90143-8},
author = {Phillip Colella and Paul R Woodward},
}

@article {carpenter:1990,
      author = "Richard L.  Carpenter  and Kelvin K.  Droegemeier and Paul R.  Woodward and Carl E.  Hane",
      title = "Application of the Piecewise Parabolic Method (PPM) to Meteorological Modeling",
      journal = "Monthly Weather Review",
      year = "1990",
      volume = "118",
      number = "3",
      doi = "10.1175/1520-0493(1990)118<0586:AOTPPM>2.0.CO;2",
      pages=      "586 - 612",
}

@article{vanleer:1977,
title = {Towards the ultimate conservative difference scheme. IV. A new approach to numerical convection},
journal = {Journal of Computational Physics},
volume = {23},
number = {3},
pages = {276-299},
year = {1977},
doi = {https://doi.org/10.1016/0021-9991(77)90095-X},
author = {Bram {Van Leer}},
}

@article {lin:1994,
      author = "Shian-Jiann Lin and Winston C.  Chao and Y. C.  Sud and G. K.  Walker",
      title = "A Class of the van Leer-type Transport Schemes and Its Application to the Moisture Transport in a General Circulation Model",
      journal = "Monthly Weather Review",
      year = "1994",
      volume = "122",
      number = "7",
      doi = "10.1175/1520-0493(1994)122<1575:ACOTVL>2.0.CO;2",
      pages=      "1575 - 1593",
}

@article {lin:1996,
      author = "Shian-Jiann  Lin and Richard B.  Rood",
      title = "Multidimensional Flux-Form Semi-Lagrangian Transport Schemes",
      journal = "Monthly Weather Review",
      year = "1996",
      volume = "124",
      number = "9",
      doi = "10.1175/1520-0493(1996)124<2046:MFFSLT>2.0.CO;2",
      pages=      "2046 - 2070",
}

@article{lin:1997,
author = {Lin, Shian-Jiann and Rood, Richard B.},
title = {An explicit flux-form semi-lagrangian shallow-water model on the sphere},
journal = {Quarterly Journal of the Royal Meteorological Society},
volume = {123},
number = {544},
pages = {2477-2498},
doi = {https://doi.org/10.1002/qj.49712354416},
year = {1997}
}

@article {lin:2004,
      author = "Shian-Jiann Lin",
      title = "A “Vertically Lagrangian” Finite-Volume Dynamical Core for Global Models",
      journal = "Monthly Weather Review",
      year = "2004",
      publisher = "American Meteorological Society",
      volume = "132",
      number = "10",
      doi = "10.1175/1520-0493(2004)132<2293:AVLFDC>2.0.CO;2",
      pages=      "2293 - 2307",
}

@article{putman:2007,
title = {Finite-volume transport on various cubed-sphere grids},
journal = {Journal of Computational Physics},
volume = {227},
number = {1},
pages = {55-78},
year = {2007},
doi = {https://doi.org/10.1016/j.jcp.2007.07.022},
author = {William M. Putman and Shian-Jiann Lin},
}

@PhdThesis{putmanthesis:2007,
 author   = {William M. Putman},
 title    = {Development of the Finite-Volume Dynamical Core on the Cubed-Sphere},
 school   = {Florida State University},
 address  = {Florida, US},
 year     = {2007},
 url = {http://purl.flvc.org/fsu/fd/FSU_migr_etd-0511}
}

@article {sadourny:1972,
      author = "Roberto  Sadourny",
      title = "Conservative Finite-Difference Approximations of the Primitive Equations on Quasi-Uniform Spherical Grids",
      journal = "Monthly Weather Review",
      year = "1972",
      volume = "100",
      number = "2",
      doi = "10.1175/1520-0493(1972)100<0136:CFAOTP>2.3.CO;2",
      pages=      "136 - 144",
}

@article{ronchi:1996,
title = {The “Cubed Sphere”: A New Method for the Solution of Partial Differential Equations in Spherical Geometry},
journal = {Journal of Computational Physics},
volume = {124},
number = {1},
pages = {93-114},
year = {1996},
doi = {https://doi.org/10.1006/jcph.1996.0047},
author = {C. Ronchi and R. Iacono and P.S. Paolucci},
}

@article{rancic:1996,
author = {Rančić, M. and Purser, R. J. and Mesinger, F.},
title = {A global shallow-water model using an expanded spherical cube: Gnomonic versus conformal coordinates},
journal = {Quarterly Journal of the Royal Meteorological Society},
volume = {122},
number = {532},
pages = {959-982},
doi = {https://doi.org/10.1002/qj.49712253209},
year = {1996}
}

@article{taylor:1997,
title = {The Spectral Element Method for the Shallow Water Equations on the Sphere},
journal = {Journal of Computational Physics},
volume = {130},
number = {1},
pages = {92-108},
year = {1997},
doi = {https://doi.org/10.1006/jcph.1996.5554},
author = {Mark Taylor and Joseph Tribbia and Mohamed Iskandarani},
}

@article {nair:2005,
author="Nair, Ramachandran D.
and Thomas, Stephen J.
and Loft, Richard D.",
      title = "A Discontinuous Galerkin Transport Scheme on the Cubed Sphere",
      journal = "Monthly Weather Review",
      year = "2005",
      volume = "133",
      number = "4",
      doi = "10.1175/MWR2890.1",
      pages=      "814 - 828",
}

@Inbook{lauritzen:2011,
author="Lauritzen, Peter H.
and Ullrich, Paul A.
and Nair, Ramachandran D.",
title="Atmospheric Transport Schemes: Desirable Properties and a Semi-Lagrangian View on Finite-Volume Discretizations",
bookTitle="Numerical Techniques for Global Atmospheric Models",
year="2011",
publisher="Springer Berlin Heidelberg",
address="Berlin, Heidelberg",
pages="185--250",
doi="10.1007/978-3-642-11640-7_8",
}

@Manual{CORBA:spec,
 title       = {{CORBA} v3.0 Specification},
 author      = {{Object Management Group}},
 shortauthor = {OMG},
 month       = jul,
 year        = {2002},
 note        = {OMG Document 02-06-33}
}

@Book{eco:09,
 author   = {Umberto Eco},
 title    = {Como se Faz uma Tese},
 edition  = 22,
 publisher= {Perspectiva},
 note     = {Tradução Gilson Cesar Cardoso de Souza},
 year     = {2009},
}

@Book{zobel:04,
 author   = {Justin Zobel},
 title    = {Writing for Computer Science: The Art of Effective Communication},
 publisher= {Springer},
 edition  = 2,
 year     = {2004},
}

@Book{waz:09,
 author   = {Raul S. Wazlawick},
 title    = {Metodologia de Pesquisa em Ciência da Computação},
 publisher= {Campus},
 edition  = 1,
 year     = {2009},
}

@Book{Higham:98,
 author   = {Nicholas J. Higham},
 title    = {Handbook of Writing for the Mathematical Sciences},
 edition  = 2,
 publisher= {SIAM: Society for Industrial and Applied Mathematics},
 month    = aug,
 year     = {1998},
}

@book{Knuth:96,
 author   = {Donald E. Knuth and Tracy Larrabee and Paul M. Roberts},
 title    = {Mathematical Writing},
 publisher= {The Mathematical Association of America},
 month    = sep,
 year     = {1996}
}

@InProceedings{alves03:simi,
 author   = {Carlos E. R. Alves and Edson N. Cáceres and Frank Dehne and Siang W. Song},
 title    = {A Parallel Wavefront Algorithm for Efficient Biological Sequence Comparison},
 booktitle= {ICCSA'03: The 2003 International Conference on Computational Science and its Applications},
 year     = {2003},
 pages    = {249-258},
 month    = may,
 publisher= {Springer-Verlag}
}

@Article{MenaChalco08,
 author   = {Jesús P. Mena-Chalco and Helaine Carrer and Yossi Zana and Roberto M. Cesar-Jr.},
 title    = {Identification of Protein Coding Regions Using the Modified {G}abor-Wavelet Transform},
 journal  = {IEEE/ACM Transactions on Computational Biology and Bioinformatics},
 volume   = {5},
 pages    = {198-207},
 year     = {2008},
}

@Article{floats2014,
 author    = {Frank Mittelbach},
 title     = {How to influence the position of float environments like figure and table in {\LaTeX}?},
 journal   = {{TUGboat}},
 journalsubtitle = {Communications of the \TeX\ Users Group},
 volume    = {35},
 number    = {3},
 year      = 2014,
 url       = {tug.org/TUGboat/tb35-3/tb111mitt-float.pdf},
 urldate   = {2020-01-09},
 publisher = {\TeX\ {Users} {Group}},
 address   = {Portland ({OR}), {USA}},
}

@Techreport{alvisi99:analysisCIC,
 author      = {Lorenzo Alvisi and Elmootazbellah Elnozahy and Sriram S. Rao and Syed A. Husain and Asanka Del Mel},
 title       = {An Analysis of Comunication-Induced Checkpointing},
 institution = {Department of Computer Science, University of Texas at Austin},
 year        = {1999},
 number      = {TR-99-01},
 address     = {Austin, USA}
}

@Misc{gridftp,
 author   = {William Allcock},
 title    = {{GridFTP} Protocol Specification. {Global Grid Forum} Recommendation ({GFD}.20)},
 year     = {2003}
}

% A entrada "year" eh usada por bibtex;
% biblatex pode usar "year" ou "date"
@Manual{natbib,
 title       = "Reference sheet for \texttt{natbib} usage",
 author      = "Patrick W. Daly",
 year        = {2010},
 date        = {2010-09-13},
 urldate     = {2018-12-20},
 url         = {mirrors.ctan.org/macros/latex/contrib/natbib/natnotes.pdf},
}

@Manual{biblatex,
 title       = "The \texttt{biblatex} Package",
 author      = "Philipp Lehman and Philip Kime and Moritz Wemheuer and Audrey Boruvka and Joseph Wright",
 year        = 2018,
 date        = {2018-10-30},
 urldate     = {2018-12-20},
 url         = {mirrors.ctan.org/macros/latex/contrib/biblatex/doc/biblatex.pdf},
}

@PhdThesis{garcia01:PhD,
 author   = {Islene C. Garcia},
 title    = {Visões Progressivas de Computações Distribuídas},
 school   = {Instituto de Computação, Universidade de Campinas},
 address  = {Campinas, Brasil},
 year     = {2001},
 month    = dec
}

@Conference{bronevetsky02,
 author     = {Greg Bronevetsky and Daniel Marques and Keshav Pingali and Paul Stodghill},
 title      = {Automated Application-Level Checkpointing of {MPI} Programs},
 booktitle  = {PPoPP'03: Proceedings of the 9th ACM SIGPLAN Symposium on Principles and Practice of Parallel Programming},
 year       = {2003},
 pages      = {84-89},
 eventdate  = {2003-06-11/2003-06-13},
 venue      = {San Diego, California}
}

@InCollection{bobaoglu93:concepts,
 author   = {Ozalp Babaoglu and Keith Marzullo},
 title    = {Consistent Global States of Distributed Systems: Fundamental Concepts and Mechanisms},
 editor   = {Sape Mullender},
 booktitle= {Distributed Systems},
 edition  = 2,
 year     = {1993},
 pages    = {55-96}
}

@MastersThesis{schmidt03:MSc,
 author   = {Rodrigo M. Schmidt},
 title    = {Coleta de Lixo para Protocolos de \emph{Checkpointing}},
 school   = {Instituto de Computação, Universidade de Campinas},
 address  = {Campinas, Brasil},
 year     = {2003},
 month    = oct
}

@online{fowler04:designDead,
 author   = {Martin Fowler},
 title    = {Is Design Dead?},
 year     = {2004},
 month    = may,
 urldate  = {2010-01-30},
 url      = {martinfowler.com/articles/designDead.html},
}

@online{FSF:GNU-GPL,
 author      = {{Free Software Foundation}},
 shortauthor = {FSF},
 title       = {{GNU} General Public License},
 year        = 2007,
 urldate     = {2010-01-30},
 url         = {www.gnu.org/copyleft/gpl.html},
}

@article{alon09:how,
 author   = {Uri Alon},
 title    = {How To Choose a Good Scientific Problem},
 journal  = {Molecular Cell},
 year     = {2009},
 volume   = {35},
 number   = {6},
 pages    = {726--728},
 publisher= {Cell Press},
 month    = sep,
 doi      = {10.1016/j.molcel.2009.09.013},
}

@book{tufte01:visualDisplay,
 author   = {Edward Tufte},
 title    = {The Visual Display of Quantitative Information},
 year     = {2001},
 edition  = 2,
 publisher= {Graphics Press},
 month    = may,
}

@Manual{usp:guidelines,
 author      = {{Universidade de São Paulo --- Sistema Integrado de Bibliotecas}},
 shortauthor = {SIBiUSP},
 title       = {Diretrizes para Apresentação de
	        Dissertações e Teses da {USP}:
	        Documento Eletrônico e Impresso},
 year        = 2009,
 url         = {www.teses.usp.br/index.php?option=com_content&view=article&id=52&Itemid=67},
 urldate     = {2017-11-10},
}

@online{carlis:09,
 author  = {John V. Carlis},
 title   = {Design: The Key to Writing
            (and Advising) a One-Draft {Ph.D} Dissertation},
 year    = 2009,
 url     = {www-users.cs.umn.edu/~carlis/one-draft.pdf},
 urldate = {2017-11-10},
}

@book{craftresearch,
 author    = {Wayne C. Booth and Gregory G. Colomb and Joseph M. Williams},
 title     = {The Craft of Research},
 publisher = {The University of Chicago Press},
 year      = 2008,
}

@book{dissertjourney,
 author    = {Carol M. Roberts},
 title     = {The Dissertation Journey},
 publisher = {Corwin},
 year      = 2010,
 edition   = 2,
 location  = {Thousand Oaks, CA},
}

@manual{sbctemplate,
 author  = {Luciana P. Nedel and Rafael H. Bordini and Flávio Rech Wagner and Jomi F. H\"{u}bner},
 title   = {Instructions for Authors of {SBC} Conferences Papers and Abstracts},
 year    = 2017,
 url     = {www.sbc.org.br/documentos-da-sbc/category/169-templates-para-artigos-e-capitulos-de-livros},
 urldate = {2018-12-13},
}
